@article{Atkeson-Burstein_2008,
Author = {Atkeson, Andrew and Burstein, Ariel},
Title = {Pricing-to-Market, Trade Costs, and International Relative Prices},
Journal = {American Economic Review},
Volume = {98},
Number = {5},
Year = {2008},
Month = {December},
Pages = {1998â€“2031},
DOI = {10.1257/aer.98.5.1998},
URL = {https://www.aeaweb.org/articles?id=10.1257/aer.98.5.1998}}

@article{Deb-et-al_2024,
  title={Walras--Bowley Lecture: Market power and wage inequality},
  author={Deb, Shubhdeep and Eeckhout, Jan and Patel, Aseem and Warren, Lawrence},
  journal={Econometrica},
  volume={92},
  number={3},
  pages={603--636},
  year={2024},
  publisher={Wiley Online Library}
}